<record><leader>00000cas a2200000 a 4500</leader><controlfield tag="001">15533671</controlfield><controlfield tag="008">870415d18341848nyuwr ne      0    0eng c</controlfield><datafield ind1=" " ind2=" " tag="010"><subfield code="a">sn 87070067 </subfield></datafield><datafield ind1=" " ind2=" " tag="040"><subfield code="a">NPH</subfield><subfield code="b">eng</subfield><subfield code="c">NPH</subfield><subfield code="d">PPM</subfield><subfield code="d">NYS</subfield><subfield code="d">NPH</subfield><subfield code="d">NYS</subfield><subfield code="d">YOX</subfield><subfield code="d">CNK</subfield><subfield code="d">NYS</subfield><subfield code="d">OCL</subfield><subfield code="d">NYS</subfield><subfield code="d">KRTAS</subfield><subfield code="d">OCLCQ</subfield><subfield code="d">OCLCF</subfield><subfield code="d">OCLCO</subfield></datafield><datafield ind1="1" ind2=" " tag="029"><subfield code="a">AU@</subfield><subfield code="b">000020129181</subfield></datafield><datafield ind1=" " ind2=" " tag="042"><subfield code="a">pcc</subfield></datafield><datafield ind1=" " ind2=" " tag="043"><subfield code="a">n-us-ny</subfield></datafield><datafield ind1="0" ind2="0" tag="245"><subfield code="a">Auburn journal and advertiser.</subfield></datafield><datafield ind1=" " ind2=" " tag="260"><subfield code="a">Auburn, Cayuga Co., N.Y. :</subfield><subfield code="b">Oliphant and Skinner</subfield></datafield><datafield ind1=" " ind2=" " tag="300"><subfield code="a">v. ;</subfield><subfield code="c">63 cm.</subfield></datafield><datafield ind1=" " ind2=" " tag="310"><subfield code="a">Weekly</subfield></datafield><datafield ind1="0" ind2=" " tag="362"><subfield code="a">Vol. 2, no. 1 (May 28, l834)-v. 16, no. 6 (June 7, 1848).</subfield></datafield><datafield ind1=" " ind2=" " tag="500"><subfield code="a">Publishers: Oliphant and Skinner, 1834-&lt;1838&gt;; Henry Montgomery, &lt;1846&gt;.</subfield></datafield><datafield ind1=" " ind2="0" tag="651"><subfield code="a">Auburn (N.Y.)</subfield><subfield code="v">Newspapers.</subfield></datafield><datafield ind1=" " ind2="0" tag="651"><subfield code="a">Cayuga County (N.Y.)</subfield><subfield code="v">Newspapers.</subfield></datafield><datafield ind1=" " ind2="7" tag="655"><subfield code="a">Newspapers.</subfield><subfield code="2">fast</subfield><subfield code="0">(OCoLC)fst01423814</subfield></datafield><datafield ind1=" " ind2="7" tag="651"><subfield code="a">New York (State)</subfield><subfield code="z">Auburn.</subfield><subfield code="2">fast</subfield><subfield code="0">(OCoLC)fst01210382</subfield></datafield><datafield ind1=" " ind2="7" tag="651"><subfield code="a">New York (State)</subfield><subfield code="z">Cayuga County.</subfield><subfield code="2">fast</subfield><subfield code="0">(OCoLC)fst01220524</subfield></datafield><datafield ind1=" " ind2=" " tag="752"><subfield code="a">United States</subfield><subfield code="b">New York</subfield><subfield code="c">Cayuga</subfield><subfield code="d">Auburn.</subfield></datafield><datafield ind1="0" ind2=" " tag="775"><subfield code="t">Auburn daily advertiser (Auburn, N.Y. : 1846)</subfield><subfield code="g">1846-1848</subfield><subfield code="w">(DLC)sn 84031359</subfield></datafield><datafield ind1="0" ind2="0" tag="780"><subfield code="t">Auburn journal (Auburn, N.Y. : 1833)</subfield><subfield code="w">(DLC)sn 85054229</subfield></datafield><datafield ind1="0" ind2="0" tag="785"><subfield code="t">Auburn weekly journal</subfield><subfield code="w">(DLC)sn 83030682</subfield></datafield><datafield ind1=" " ind2=" " tag="938"><subfield code="a">Kirtas Technologies, Inc.</subfield><subfield code="b">KRTS</subfield><subfield code="n">740085</subfield></datafield></record>